@comment{x-kbibtex-personnameformatting=<%l><, %f>}

@misc{Socket,
	abstract = "Disponible en \url{http://docs.python.org/3.2/library/socket.html}",
	author = "Documentation, Python Standard Library",
	title = "{socket: Low-level networking interface}"
}

@unpublished{Socket2,
	author = "McMillan, Gordon",
	note = "Disponible en \url{http://docs.python.org/3.1/howto/sockets.html}",
	title = "{Socket Programming HOWTO}"
}

@unpublished{PythonCHat,
	author = "Shrivastava, Ankur",
	note = "Disponible en \url{http://ankurs.com/2009/07/a-simple-python-socket-chat-example/}",
	title = "{A simple Python socket chat example}"
}

@book{ProGit,
	author = "Chacon, Scott",
	month = "aug",
	publisher = "Apress",
	title = "{Pro Git}",
	year = "2009"
}

