@comment{x-kbibtex-personnameformatting=<%l><, %f>}

@book{TwistedBook,
	author = "Fettig, Abe",
	publisher = "O'Reilly Media",
	title = "{Twisted network programming essentials}",
	year = "2005"
}

@unpublished{noVNCDoc,
	author = "Martin, Joel and Ichikawa, Hiroshi",
	note = "Downloadable from noVNC's website: \url{http://kanaka.github.com/noVNC/}",
	title = "{noVNC and websockify documentation}"
}

@unpublished{TwistedIntro,
	author = "Peticolas, David",
	note = "Consulted on January, 2013. Available at \url{http://krondo.com/?page\_id=1327}",
	title = "{An introduction to Twisted}"
}

@unpublished{KVMDoc,
	note = "Available at \url{http://www.linux-kvm.org/page/Documents}",
	title = "{KVM Official documentation}"
}

@manual{TwistedCoreDocs,
	edition = "12.3.0",
	month = dec,
	note = "Available at \url{http://twistedmatrix.com/documents/current/core/howto/index.html}",
	organization = "Twisted Matrix Labs",
	title = "{Twisted 12.3.0 core documentation}",
	year = "2012"
}

@misc{OWASP,
	author = "OWASP",
	title = "{OWASP: The Open Application Security Project}",
	url = "https://www.owasp.org/index.php/Category:How_To",
	year = "2011"
}

@manual{Web2PyBook,
	author = "Pierro, Massimo Di",
	edition = "5",
	isbn = "978-0-578-12021-8",
	journal = "web2py",
	location = "Chicago, IL 60604 (USA)",
	pages = "614",
	school = "School of Computing",
	title = "{web2py, Complete Reference Manual.}",
	url = "http://web2py.com/book; http://www.latinuxpress.com/books/drafts/web2py",
	year = "2013"
}

@manual{ACWeb2PyBook,
	author = "di Pierro, Massimo",
	booktitle = "{Web2PyBook}",
	edition = "5",
	journal = "web2py",
	location = "Chicago, IL 60604 (USA)",
	pages = "614",
	title = "{Access Control}",
	year = "2013"
}

