@comment{x-kbibtex-personnameformatting=<%l><, %f>}

<<<<<<< HEAD

>>>>>>> d88ab43fe4979c53ba9066b272a05480b363b548

@article{PlattnerHerron62,
	author = "Plattner, John W. and Herron, Lowell W.",
	journal = "American Management Association Bulletin",
	title = "{Simulation: Its Use in Employee Selection and Training}",
	volume = "20",
	year = "1962"
}

@inproceedings{Martin04,
	author = "Carnoy, Martin",
	booktitle = "{Apertura del curso acad{\'e}mico}",
	month = oct,
	note = "Also available at \url{www.uoc.edu/inaugural04/eng/carnoy1004.pdf}",
	publisher = "Universitat Oberta de Catalunya",
	title = "{ITC in Education: Possibilities and Challenges}",
	year = "2004"
}

@inproceedings{Gines04,
	author = "Gin{\'e}s, Fernando and Mirones, Jos{\'e} M. and S{\'a}nchez, Eduardo and Soria, David and Ruiz, Rafael and Hortal{\'a}, Teresa and Mend{\'i}as, Jos{\'e} M.",
	booktitle = "{Primera Jornada Campus Virtual UCM}",
	month = nov,
	note = "Also available at \url{eprints.ucm.es/5501/1/I\_JORNADA\_CAMPUS.pdf}",
	pages = "146--153",
	publisher = "Universidad Complutense de Madrid",
	title = "{Laboratorios Docentes de la Facultad de Inform{\'a}tica de la UCM: un modelo para la gesti{\'o}n integrada de aulas inform{\'a}ticas}",
	year = "2004"
}

@techreport{EnergyStar09,
	institution = "US Environmental Protection Agency",
	note = "Also available at \url{http://www.energystar.gov/index.cfm?c=computers.pr\_crit\_computers}",
	title = "{ENERGY STAR Program Requirements for Computers}",
	year = "2009"
}

@book{MemoriaFdI0910,
	author = "UCM, Facultad de Inform{\'a}tica",
	note = "Also available at \url{http://www.fdi.ucm.es/Futuros\_Alumnos/memoria\_curso\_2009-2010.pdf}",
	publisher = "Universidad Complutense de Madrid",
	title = "{Memoria de la Facultad de Inform{\'a}tica, Curso 2009/2010}",
	year = "2011"
}

@misc{Clevisa,
	author = "Inform{\'a}tica, Clevisa",
	note = "Consulted at \url{http://www.clevisa.com}",
	title = "{Lista de precios a 25/10/2012}"
}

@misc{Alternate,
	author = "GmbH, Alternate",
	note = "Consulted at \url{http://www.alternate.es}",
	title = "{Lista de precios a 25/10/2012}"
}

@unpublished{WikipediaOEM,
	author = "Wikipedia",
	note = "Consulted on 2012/10/25 at \url{http://en.wikipedia.org/wiki/Original\_equipment\_manufacturer}",
	title = "{Original equipment manufacturer}"
}

