@comment{x-kbibtex-personnameformatting=<%l><, %f>}

@article{PSR2011,
	author = "Ryan, Patrick S. and Falvey, Sarah and Merchant, Ronak",
	month = oct,
	title = "{Regulation of the cloud in India}",
	year = "2011"
}

@article{NIST2011,
	author = "and Technology, National Institute of Science",
	month = jul,
	title = "{The NIST definition of Cloud Computing}",
	year = "2011"
}

@proceedings{IETF1993,
	month = jul,
	title = "{Meeting report from the IP over ATM working group of the IETF}",
	year = "1993"
}

@article{CRY2010,
	author = "Cryptoclarity.com",
	month = aug,
	title = "{Encrypted Storage and Key Management for the cloud}",
	year = "2010"
}

@article{EM2009,
	author = "Mills, Elinor ",
	month = jan,
	title = "{Cloud computing security forecast: Clear skies}",
	year = "2009"
}

@book{TC2011,
	author = "Chou, Timothy",
	booktitle = "{Introduction to Cloud Computing: Business \& Technology.}"
}

@article{IT2012,
	author = "Technology, Intrinsic",
	month = aug,
	title = "{HVD: the cloud's silver lining}",
	year = "2012"
}

@article{IDC2008,
	author = "IDC",
	month = aug,
	title = "{Defining ``Cloud services'' and ``Cloud computing''}",
	year = "2008"
}

@article{AS2012,
	author = "Stevens, Alan",
	month = aug,
	title = "{When hybrid clouds are a mixed blessing}",
	year = "2012"
}

@article{GH2009,
	author = "Haff, Gordon",
	month = jan,
	title = "{Just don't call them private clouds}",
	year = "2009"
}

@article{IW2010,
	author = "InformationWeek",
	month = jun,
	title = "{There's No Such Thing As A Private Cloud}",
	year = "2010"
}

@book{MM2008,
	author = "Miller, Michael",
	booktitle = "{Cloud Computing: Web-Based Applications That Change the Way You Work  and Collaborate Online}",
	month = aug,
	year = "2008"
}

@book{JH2009,
	author = "Hurwitz, Judith and Bloor, Robin and Kaufman, Marcia and Halper, Fern",
	booktitle = "{Cloud computing for dummies }",
	month = nov,
	year = "2009"
}

