% This file was created with JabRef 2.9.2.
% Encoding: Cp1252

@BOOK{,
  title = {Twisted network programming essentials},
  publisher = {O'Reilly Media},
  year = {2005},
  author = {Abe Fettig},
  owner = {Luis},
  timestamp = {2013.02.09}
}

@UNPUBLISHED{,
  author = {Joel Martin, Hiroshi Ichikawa},
  title = {noVNC and websockify documentation},
  note = {Downloadable from noVNC's website: \url{http://kanaka.github.com/noVNC/}},
  owner = {Luis},
  timestamp = {2013.02.09}
}

@UNPUBLISHED{,
  author = {David Peticolas},
  title = {Twisted introduction},
  note = {Consulted on January, 2013. Available at \url{http://krondo.com/?page_id=1327}},
  owner = {Luis},
  timestamp = {2013.02.09}
}

@UNPUBLISHED{,
  title = {KVM documentation},
  note = {Available at \url{http://www.linux-kvm.org/page/Documents}},
  owner = {Luis},
  timestamp = {2013.02.09}
}

@MANUAL{,
  title = {Twisted 12.3.0 core documentation},
  organization = {Twisted Matrix Labs},
  edition = {12.3.0},
  month = {December},
  year = {2012},
  note = {Available at  \url{http://twistedmatrix.com/documents/current/core/howto/index.html}},
  owner = {Luis},
  timestamp = {2013.02.09}
}

