@comment{x-kbibtex-personnameformatting=<%l><, %f>}

@article{PSR2011,
	author = "Ryan, Patrick S. and Falvey, Sarah and Merchant, Ronak",
	journal = "Journal of Internet Law",
	month = oct,
	note = "Disponible en \url{http://papers.ssrn.com/sol3/papers.cfm?abstract\_id=1941494}",
	title = "{Regulation of the cloud in India}",
	year = "2011"
}

@article{NIST2011,
	author = "Technology, National Institute of Science",
	journal = "Special Publication 800- 145, National Institute of Standards and Technology",
	month = jul,
	note = "Disponible en \url{http://csrc.nist.gov/publications/nistpubs/800-145/SP800-145.pdf}",
	title = "{The NIST definition of Cloud Computing}",
	year = "2011"
}

@unpublished{EM2009,
	author = "Mills, Elinor",
	journal = "CNET News",
	month = jan,
	note = "Disponible en \url{http://news.cnet.com/8301-1009\_3-10150569-83.html}",
	title = "{Cloud computing security forecast: clear skies}",
	year = "2009"
}

@book{TC2011,
	author = "Chou, Timothy",
	edition = "2nd",
	organization = "Leeland Stanford Jr. University",
	publisher = "Active Book Press",
	title = "{Introduction to Cloud Computing: business \& technology}",
	year = "2011"
}

@unpublished{IT2012,
	author = "{Intrinsic Technology}",
	month = aug,
	note = "Disponible en \url{http://www.intrinsictechnology.co.uk/FileUploads/HVD\_Whitepaper.pdf}",
	publisher = "IDC",
	title = "{HVD: the cloud's silver lining}",
	year = "2012"
}

@unpublished{IDC2008,
	author = "Gens, Frank",
	month = sep,
	note = "Disponible en \url{http://blogs.idc.com/ie/?p=190}",
	publisher = "IDC",
	title = "{Defining ``Cloud services'' and ``Cloud computing''}",
	year = "2008"
}

@unpublished{AS2012,
	author = "Stevens, Alan",
	journal = "The Register",
	month = jun,
	note = "Disponible en \url{http://www.theregister.co.uk/2011/06/29/hybrid\_cloud}",
	title = "{When hybrid clouds are a mixed blessing}",
	url = "http://www.theregister.co.uk/2011/06/29/hybrid_cloud",
	year = "2012"
}

@unpublished{GH2009,
	author = "Haff, Gordon",
	journal = "CNET News",
	month = jan,
	note = "Disponible en \url{http://news.cnet.com/8301-13556\_3-10150841-61.html}",
	title = "{Just don't call them private clouds}",
	year = "2009"
}

@unpublished{IW2010,
	author = "Murray, Andrew Conry",
	journal = "InformationWeek",
	month = jun,
	note = "Disponible en \url{http://www.informationweek.com/cloud-computing/theres-no-such-thing-as-a-private-cloud/229207922}",
	title = "{There's No Such Thing As A Private Cloud}",
	year = "2010"
}

@book{MM2008,
	author = "Miller, Michael",
	publisher = "QUE",
	title = "{Cloud Computing: Web-Based Applications That Change the Way You Work and Collaborate Online}",
	year = "2008"
}

@book{JH2009,
	author = "Hurwitz, Judith and Bloor, Robin and Kaufman, Marcia and Halper, Fern",
	chapter = "1",
	isbn = "978-0-470-48470-8",
	month = nov,
	publisher = "John Wiley \& Sons",
	title = "{Cloud computing for dummies}",
	year = "2009"
}

@unpublished{CE2010,
	author = "Evitech, Condorchem",
	journal = "Blog de ingenier{\'i}a aplicada al medio ambiente",
	month = jan,
	note = "Also available at \url{http://blog.condorchem.com/historia-antigua-del-tratamiento-del-agua-potable/}",
	title = "{Historia antigua del tratamiento del agua potable}",
	year = "2010"
}

@unpublished{BJ2008,
	author = "Johnson, Robert",
	note = "Disponible en \url{http://www.guardian.co.uk/technology/2008/sep/29/cloud.computing.richard.stallman}",
	publisher = "The Guardian",
	title = "{Cloud computing is a trap, warns GNU founder Richard Stallman}",
	year = "2008"
}

@unpublished{SF2011,
	author = "Salesforce",
	note = "Disponible en \url{http://www.salesforce.com/es/cloudcomputing/}",
	title = "{?`Qu{\'e} es Cloud Computing?}"
}

@article{GG2006,
	author = "Gilder, George",
	journal = "Wired",
	month = oct,
	note = "Disponible en \url{http://www.wired.com/wired/archive/14.10/cloudware.html}",
	title = "{The information factories}",
	year = "2006"
}

@unpublished{PMC2008,
	author = "McFedries, Paul",
	journal = "IEEE SPECTRUM",
	month = aug,
	note = "Disponible en \url{http://spectrum.ieee.org/computing/hardware/the-cloud-is-the-computer}",
	title = "{The Cloud Is The Computer}",
	year = "2008"
}

@book{BS2011,
	author = "Sosinsky, Barrie",
	month = jan,
	publisher = "John Wiley \& Sons",
	title = "{Cloud Computing Bible}",
	year = "2011"
}

@unpublished{New1,
	author = "Wikipedia",
	note = "Disponible en \url{https://en.wikipedia.org/wiki/Cloud\_computing}. Consultado el 25/11/12",
	title = "{Cloud Computing Bible}"
}

@mastersthesis{New2,
	author = "Escoms, Adri{\'a}n and Espinar, Isabel and Rodrigo, Esther",
	institution = "Universidad Complutense de Madrid",
	note = "Disponible en \url{http://eprints.ucm.es/16089/1/Memoria.pdf}",
	school = "Facultad de Inform{\'a}tica",
	title = "{Constructor: plataforma como servicio en la nube para startups}",
	year = "2012"
}

@mastersthesis{New3,
	author = "Meg{\'i}a, Alberto and Molinera, Antonio and Rueda, Jos{\'e} Antonio",
	institution = "Universidad Complutense de Madrid",
	school = "Facultad de Inform{\'a}tica",
	title = "{RSA@Cloud: criptoan{\'a}lisis eficiente en la nube}",
	year = "2011"
}

