@comment{x-kbibtex-personnameformatting=<%l><, %f>}

@unpublished{Suse1,
	author = "Novell Inc.",
	month = "jun",
	note = "Disponible en \url{http://doc.opensuse.org/products/draft/SLES/SLES-xen\_sd\_draft/book.xen.html}",
	title = "{SUSE Linux Enterprise Server Virtualization With Xen}",
	year = "2012"
}

@unpublished{Suse2,
	author = "Novell Inc.",
	month = "mar",
	note = "Disponible en \url{http://doc.opensuse.org/products/draft/SLES/SLES-xen\_sd\_draft/book.xen.html}",
	title = "{openSUSE 12.3 Virtualization with KVM}",
	year = "2013"
}

@misc{UbuntuX,
	author = "Ubuntu Project",
	note = "Disponible en \url{https://help.ubuntu.com/community/Xen}",
	title = "{Xen}"
}

@misc{UbuntuK,
	author = "Ubuntu Project",
	note = "Disponible en \url{https://help.ubuntu.com/community/KVM}",
	title = "{KVM}"
}

@misc{VMM,
	key = "Virtual Machine Manager documentation",
	note = "Disponible en \url{http://virt-manager.org/documentation/}"
}

@misc{MariaDB,
	key = "MariaDB knowledgebase",
	note = "Disponible en \url{https://kb.askmonty.org/en/}"
}

@misc{Distutils,
	key = "Python Distutils documentation",
	note = "Disponible en \url{http://docs.python.org/2/install/\#inst-new-standard}"
}

@unpublished{IBM,
	author = "IBM",
	month = "mar",
	note = "Disponible en \url{http://pic.dhe.ibm.com/infocenter/lnxinfo/v3r0m0/index.jsp?topic=/liaai/kvminstall/liaaikvminstallstart.htm}",
	title = "{IBM Linux Blueprint: Quick Start Guide for installing and running KVM}",
	year = "2013"
}

