@comment{x-kbibtex-personnameformatting=<%l><, %f>}

@inproceedings{XenComparison,
	author = "Deshane, Todd and Shepherd, Zachary and Shepherd, Zachary and Ben-Yehuda, Muli and Shah, Amit and Rao, Balaji",
	booktitle = "{Xen Summit proceedings}",
	month = "jun",
	title = "{Quantitative Comparison of Xen and KVM}",
	year = "2008"
}

